@article{barker2003study,
  title={A study of cleaning procedures used for foraminiferal Mg/Ca paleothermometry},
  author={Barker, S and Greaves, M and Elderfield, H},
  journal={Geochemistry, Geophysics, Geosystems},
  volume={4},
  number={9},
  year={2003},
  publisher={Wiley Online Library}
}


